@mastersthesis{zaki2016,
   author = {Zaki, Youssef},
   institution = {KTH, School of Information and Communication Technology (ICT)},
   pages = {86},
   school = {KTH, School of Information and Communication Technology (ICT)},
   title = {An Embedded Multi-Core Platform for Mixed-Criticality Systems: Study and Analysis of Virtualization Techniques},
   series = {TRITA-ICT-EX},
   number = {2016:164},
   year = {2016},
}

@unpublished{burns2016,
	author = {Burns, Alan and Davis, Robert I.},
	title = {Mixed Criticality Systems - A Review},
	year = {2016},
	month = {July},
	note = {Available online: \url{https://www-users.cs.york.ac.uk/burns/review.pdf}},
}

@misc{website:encyclopedia,
	author = {Encyclopedia.com},
	title = {safety-critical system},
	year = {2017},
	month = {January},
	note = {\url{http://www.encyclopedia.com/computing/dictionaries-thesauruses-pictures-and-press-releases/safety-critical-system}},
}

@misc{website:dictionary,
	author = {Dictionary.com},
	title = {safety-critical system},
	year = {2017},
	month = {January},
	note = {\url{http://www.dictionary.com/browse/safety-critical-system}},
}

@misc{website:wikipedia,
	author = {Wikipedia.com},
	title = {Life-critical system},
	year = {2017},
	month = {January},
	note = {\url{https://en.wikipedia.org/wiki/Life-critical_system}},
}